
@misc{ref1,
title = {MaBioVis}, 
howpublished = {http://mabiovis.labri.fr/}
}

@misc{ref2,
title = {EVADoMe}, 
howpublished = {http://mabiovis.labri.fr/evadome/}
}

@misc{ref3,
title = {Langages en Bioinformatique},
howpublished = {http://www.ncbi.nlm.nih.gov/pmc/articles/PMC2267699/}
}

@misc{ref4,
title = {Perl vs Python}, 
howpublished = {http://www-igm.univ-mlv.fr/~dr/XPOSE/PerlVsPython/},
}

@misc{ref5,
title = {Benchmark Perl/Python},
howpublished = {http://benchmarksgame.alioth.debian.org/u64q/perl.html},
}

@misc{ref6,
title = {Julia},
howpublished = {http://julialang.org/},
}

@misc{ref7,
title = {Tkinter}, 
howpublished = {Https://docs.python.org/2/library/tkinter.html},
}

@misc{ref8,
title = {Tk},
howpublished = {https://docs.python.org/2/library/tk.html},
}

@misc{ref9,
title = {Pmw},
howpublished = {http://pmw.sourceforge.net/doc/index.html},
}

@misc{ref10,
title = {WxPython},
howpublished = {http://www.wxpython.org/what.php},
}

@misc{ref11,
title = {WxWidgets}, 
howpublished = {https://www.wxwidgets.org},
}

@misc{ref12,
title = {PyGTK}, 
howpublished = {http://www.pygtk.org},
}

@misc{ref13,
title = {GTK+}, 
howpublished = {http://www.gtk.org},
}

@misc{ref14,
title = {PyQt}, 
howpublished = {https://wiki.python.org/moin/PyQt},
}

@misc{ref15,
title = {PyPi}, 
howpublished = {https://pypi.python.org/pypi/PySide},
}

@misc{ref16,
title = {Qt}, 
howpublished = {http://qt-project.org},
}

@misc{ref17,
title = {FxPy},
howpublished = {http://fxpy.sourceforge.net},
}

@misc{ref18,
title = {Fox-Toolkit},
howpublished = {http://www.fox-toolkit.org},
}

@misc{ref19,
title = {Tix},
howpublished = {https://docs.python.org/2/library/tix.html},
}


@misc{ref20,
title = {Oracle},
howpublished = {http://www.fi-org.com/FV\_BDD.aspx},
}


@misc{ref21,
title = {Psycopg2},
howpublished = {https://pypi.python.org/pypi/psycopg2},
}


@misc{ref22,
title = {Microsoft-sql-server},
howpublished = {http://fr.wikipedia.org/wiki/Microsoft\_SQL\_Server},
}


@misc{ref23,
title = {Mysql-Python},
howpublished = {http://zetcode.com/db/mysqlpython/},
}


@misc{ref24,
title = {SciPy}, 
howpublished = {http://www.scipy.org/},
}

@misc{ref25,
title = {Panda},
howpublished = {http://pandas.pydata.org/pandas-docs/dev/},
}

@misc{ref26,
title = {Panda manipulation de donn√©es}, 
howpublished = {http://linuxfr.org/news/pandas-une-bibliotheque-pour-manipuler-facilement-des-donnees},
}

@misc{ref27,
title = {Matplotlib}, 
howpublished = {http://matplotlib.org},
}
